%YAML 1.1
%TAG !u! tag:unity3d.com,2011:
--- !u!1 &6119401371653916641
GameObject:
  m_ObjectHideFlags: 0
  m_CorrespondingSourceObject: {fileID: 0}
  m_PrefabInstance: {fileID: 0}
  m_PrefabAsset: {fileID: 0}
  serializedVersion: 6
  m_Component:
  - component: {fileID: 5020103041329301943}
  - component: {fileID: 4014948010842787011}
  - component: {fileID: 2282003822522625772}
  m_Layer: 0
  m_Name: Target_6
  m_TagString: Untagged
  m_Icon: {fileID: 0}
  m_NavMeshLayer: 0
  m_StaticEditorFlags: 0
  m_IsActive: 1
--- !u!4 &5020103041329301943
Transform:
  m_ObjectHideFlags: 0
  m_CorrespondingSourceObject: {fileID: 0}
  m_PrefabInstance: {fileID: 0}
  m_PrefabAsset: {fileID: 0}
  m_GameObject: {fileID: 6119401371653916641}
  m_LocalRotation: {x: 0, y: 0, z: 0, w: 1}
  m_LocalPosition: {x: 0, y: 0, z: 0}
  m_LocalScale: {x: 1, y: 1, z: 1}
  m_Children:
  - {fileID: 3012211665566696752}
  - {fileID: 7507279180018800181}
  - {fileID: 8528005345017236985}
  - {fileID: 3127981310822117337}
  - {fileID: 2143360869928905540}
  - {fileID: 2104101625391157762}
  - {fileID: 7771942746654852950}
  - {fileID: 7121228254466945744}
  - {fileID: 1102919761033211552}
  - {fileID: 3428236304155281305}
  - {fileID: 1246825983908935107}
  - {fileID: 2065926234399437052}
  - {fileID: 5889884119481634235}
  m_Father: {fileID: 0}
  m_RootOrder: 0
  m_LocalEulerAnglesHint: {x: 0, y: 0, z: 0}
--- !u!65 &4014948010842787011
BoxCollider:
  m_ObjectHideFlags: 0
  m_CorrespondingSourceObject: {fileID: 0}
  m_PrefabInstance: {fileID: 0}
  m_PrefabAsset: {fileID: 0}
  m_GameObject: {fileID: 6119401371653916641}
  m_Material: {fileID: 0}
  m_IsTrigger: 1
  m_Enabled: 1
  serializedVersion: 2
  m_Size: {x: 4, y: 4, z: 4}
  m_Center: {x: 0, y: 2.25, z: 0}
--- !u!114 &2282003822522625772
MonoBehaviour:
  m_ObjectHideFlags: 0
  m_CorrespondingSourceObject: {fileID: 0}
  m_PrefabInstance: {fileID: 0}
  m_PrefabAsset: {fileID: 0}
  m_GameObject: {fileID: 6119401371653916641}
  m_Enabled: 1
  m_EditorHideFlags: 0
  m_Script: {fileID: 11500000, guid: 4adb95084ce41e74796961a21027c049, type: 3}
  m_Name: 
  m_EditorClassIdentifier: 
  _checkInterval: 0.1
  _waitInterval: 2
--- !u!1001 &699164604934288527
PrefabInstance:
  m_ObjectHideFlags: 0
  serializedVersion: 2
  m_Modification:
    m_TransformParent: {fileID: 5020103041329301943}
    m_Modifications:
    - target: {fileID: 3017344462192025460, guid: f0660fb32ba36c344b8763af6c75fd7e,
        type: 3}
      propertyPath: m_Name
      value: Shelf (1)
      objectReference: {fileID: 0}
    - target: {fileID: 7033734364728304314, guid: f0660fb32ba36c344b8763af6c75fd7e,
        type: 3}
      propertyPath: m_LocalPosition.x
      value: -1
      objectReference: {fileID: 0}
    - target: {fileID: 7033734364728304314, guid: f0660fb32ba36c344b8763af6c75fd7e,
        type: 3}
      propertyPath: m_LocalPosition.y
      value: 0
      objectReference: {fileID: 0}
    - target: {fileID: 7033734364728304314, guid: f0660fb32ba36c344b8763af6c75fd7e,
        type: 3}
      propertyPath: m_LocalPosition.z
      value: 1
      objectReference: {fileID: 0}
    - target: {fileID: 7033734364728304314, guid: f0660fb32ba36c344b8763af6c75fd7e,
        type: 3}
      propertyPath: m_LocalRotation.x
      value: -0
      objectReference: {fileID: 0}
    - target: {fileID: 7033734364728304314, guid: f0660fb32ba36c344b8763af6c75fd7e,
        type: 3}
      propertyPath: m_LocalRotation.y
      value: -0
      objectReference: {fileID: 0}
    - target: {fileID: 7033734364728304314, guid: f0660fb32ba36c344b8763af6c75fd7e,
        type: 3}
      propertyPath: m_LocalRotation.z
      value: -0
      objectReference: {fileID: 0}
    - target: {fileID: 7033734364728304314, guid: f0660fb32ba36c344b8763af6c75fd7e,
        type: 3}
      propertyPath: m_LocalRotation.w
      value: 1
      objectReference: {fileID: 0}
    - target: {fileID: 7033734364728304314, guid: f0660fb32ba36c344b8763af6c75fd7e,
        type: 3}
      propertyPath: m_RootOrder
      value: 1
      objectReference: {fileID: 0}
    - target: {fileID: 7033734364728304314, guid: f0660fb32ba36c344b8763af6c75fd7e,
        type: 3}
      propertyPath: m_LocalEulerAnglesHint.x
      value: 0
      objectReference: {fileID: 0}
    - target: {fileID: 7033734364728304314, guid: f0660fb32ba36c344b8763af6c75fd7e,
        type: 3}
      propertyPath: m_LocalEulerAnglesHint.y
      value: 0
      objectReference: {fileID: 0}
    - target: {fileID: 7033734364728304314, guid: f0660fb32ba36c344b8763af6c75fd7e,
        type: 3}
      propertyPath: m_LocalEulerAnglesHint.z
      value: 0
      objectReference: {fileID: 0}
    m_RemovedComponents: []
  m_SourcePrefab: {fileID: 100100000, guid: f0660fb32ba36c344b8763af6c75fd7e, type: 3}
--- !u!4 &7507279180018800181 stripped
Transform:
  m_CorrespondingSourceObject: {fileID: 7033734364728304314, guid: f0660fb32ba36c344b8763af6c75fd7e,
    type: 3}
  m_PrefabInstance: {fileID: 699164604934288527}
  m_PrefabAsset: {fileID: 0}
--- !u!1001 &865418396271036534
PrefabInstance:
  m_ObjectHideFlags: 0
  serializedVersion: 2
  m_Modification:
    m_TransformParent: {fileID: 5020103041329301943}
    m_Modifications:
    - target: {fileID: 5918619582255517902, guid: d0e009eaae501bb45944d89e273ad950,
        type: 3}
      propertyPath: m_Name
      value: Cube (10)
      objectReference: {fileID: 0}
    - target: {fileID: 6755266488971036109, guid: d0e009eaae501bb45944d89e273ad950,
        type: 3}
      propertyPath: m_LocalPosition.x
      value: 0
      objectReference: {fileID: 0}
    - target: {fileID: 6755266488971036109, guid: d0e009eaae501bb45944d89e273ad950,
        type: 3}
      propertyPath: m_LocalPosition.y
      value: 2.75
      objectReference: {fileID: 0}
    - target: {fileID: 6755266488971036109, guid: d0e009eaae501bb45944d89e273ad950,
        type: 3}
      propertyPath: m_LocalPosition.z
      value: 0
      objectReference: {fileID: 0}
    - target: {fileID: 6755266488971036109, guid: d0e009eaae501bb45944d89e273ad950,
        type: 3}
      propertyPath: m_LocalRotation.x
      value: 0
      objectReference: {fileID: 0}
    - target: {fileID: 6755266488971036109, guid: d0e009eaae501bb45944d89e273ad950,
        type: 3}
      propertyPath: m_LocalRotation.y
      value: 0
      objectReference: {fileID: 0}
    - target: {fileID: 6755266488971036109, guid: d0e009eaae501bb45944d89e273ad950,
        type: 3}
      propertyPath: m_LocalRotation.z
      value: 0
      objectReference: {fileID: 0}
    - target: {fileID: 6755266488971036109, guid: d0e009eaae501bb45944d89e273ad950,
        type: 3}
      propertyPath: m_LocalRotation.w
      value: 1
      objectReference: {fileID: 0}
    - target: {fileID: 6755266488971036109, guid: d0e009eaae501bb45944d89e273ad950,
        type: 3}
      propertyPath: m_RootOrder
      value: 12
      objectReference: {fileID: 0}
    - target: {fileID: 6755266488971036109, guid: d0e009eaae501bb45944d89e273ad950,
        type: 3}
      propertyPath: m_LocalEulerAnglesHint.x
      value: 0
      objectReference: {fileID: 0}
    - target: {fileID: 6755266488971036109, guid: d0e009eaae501bb45944d89e273ad950,
        type: 3}
      propertyPath: m_LocalEulerAnglesHint.y
      value: 0
      objectReference: {fileID: 0}
    - target: {fileID: 6755266488971036109, guid: d0e009eaae501bb45944d89e273ad950,
        type: 3}
      propertyPath: m_LocalEulerAnglesHint.z
      value: 0
      objectReference: {fileID: 0}
    m_RemovedComponents: []
  m_SourcePrefab: {fileID: 100100000, guid: d0e009eaae501bb45944d89e273ad950, type: 3}
--- !u!4 &5889884119481634235 stripped
Transform:
  m_CorrespondingSourceObject: {fileID: 6755266488971036109, guid: d0e009eaae501bb45944d89e273ad950,
    type: 3}
  m_PrefabInstance: {fileID: 865418396271036534}
  m_PrefabAsset: {fileID: 0}
--- !u!1001 &1712871504950341443
PrefabInstance:
  m_ObjectHideFlags: 0
  serializedVersion: 2
  m_Modification:
    m_TransformParent: {fileID: 5020103041329301943}
    m_Modifications:
    - target: {fileID: 3017344462192025460, guid: f0660fb32ba36c344b8763af6c75fd7e,
        type: 3}
      propertyPath: m_Name
      value: Shelf (2)
      objectReference: {fileID: 0}
    - target: {fileID: 7033734364728304314, guid: f0660fb32ba36c344b8763af6c75fd7e,
        type: 3}
      propertyPath: m_LocalPosition.x
      value: -1
      objectReference: {fileID: 0}
    - target: {fileID: 7033734364728304314, guid: f0660fb32ba36c344b8763af6c75fd7e,
        type: 3}
      propertyPath: m_LocalPosition.y
      value: 0
      objectReference: {fileID: 0}
    - target: {fileID: 7033734364728304314, guid: f0660fb32ba36c344b8763af6c75fd7e,
        type: 3}
      propertyPath: m_LocalPosition.z
      value: -1
      objectReference: {fileID: 0}
    - target: {fileID: 7033734364728304314, guid: f0660fb32ba36c344b8763af6c75fd7e,
        type: 3}
      propertyPath: m_LocalRotation.x
      value: -0
      objectReference: {fileID: 0}
    - target: {fileID: 7033734364728304314, guid: f0660fb32ba36c344b8763af6c75fd7e,
        type: 3}
      propertyPath: m_LocalRotation.y
      value: -0
      objectReference: {fileID: 0}
    - target: {fileID: 7033734364728304314, guid: f0660fb32ba36c344b8763af6c75fd7e,
        type: 3}
      propertyPath: m_LocalRotation.z
      value: -0
      objectReference: {fileID: 0}
    - target: {fileID: 7033734364728304314, guid: f0660fb32ba36c344b8763af6c75fd7e,
        type: 3}
      propertyPath: m_LocalRotation.w
      value: 1
      objectReference: {fileID: 0}
    - target: {fileID: 7033734364728304314, guid: f0660fb32ba36c344b8763af6c75fd7e,
        type: 3}
      propertyPath: m_RootOrder
      value: 2
      objectReference: {fileID: 0}
    - target: {fileID: 7033734364728304314, guid: f0660fb32ba36c344b8763af6c75fd7e,
        type: 3}
      propertyPath: m_LocalEulerAnglesHint.x
      value: 0
      objectReference: {fileID: 0}
    - target: {fileID: 7033734364728304314, guid: f0660fb32ba36c344b8763af6c75fd7e,
        type: 3}
      propertyPath: m_LocalEulerAnglesHint.y
      value: 0
      objectReference: {fileID: 0}
    - target: {fileID: 7033734364728304314, guid: f0660fb32ba36c344b8763af6c75fd7e,
        type: 3}
      propertyPath: m_LocalEulerAnglesHint.z
      value: 0
      objectReference: {fileID: 0}
    m_RemovedComponents: []
  m_SourcePrefab: {fileID: 100100000, guid: f0660fb32ba36c344b8763af6c75fd7e, type: 3}
--- !u!4 &8528005345017236985 stripped
Transform:
  m_CorrespondingSourceObject: {fileID: 7033734364728304314, guid: f0660fb32ba36c344b8763af6c75fd7e,
    type: 3}
  m_PrefabInstance: {fileID: 1712871504950341443}
  m_PrefabAsset: {fileID: 0}
--- !u!1001 &3919534466006074011
PrefabInstance:
  m_ObjectHideFlags: 0
  serializedVersion: 2
  m_Modification:
    m_TransformParent: {fileID: 5020103041329301943}
    m_Modifications:
    - target: {fileID: 5918619582255517902, guid: d0e009eaae501bb45944d89e273ad950,
        type: 3}
      propertyPath: m_Name
      value: Cube (4)
      objectReference: {fileID: 0}
    - target: {fileID: 6755266488971036109, guid: d0e009eaae501bb45944d89e273ad950,
        type: 3}
      propertyPath: m_LocalPosition.x
      value: -0.5
      objectReference: {fileID: 0}
    - target: {fileID: 6755266488971036109, guid: d0e009eaae501bb45944d89e273ad950,
        type: 3}
      propertyPath: m_LocalPosition.y
      value: 0.75
      objectReference: {fileID: 0}
    - target: {fileID: 6755266488971036109, guid: d0e009eaae501bb45944d89e273ad950,
        type: 3}
      propertyPath: m_LocalPosition.z
      value: 0.5
      objectReference: {fileID: 0}
    - target: {fileID: 6755266488971036109, guid: d0e009eaae501bb45944d89e273ad950,
        type: 3}
      propertyPath: m_LocalRotation.x
      value: 0
      objectReference: {fileID: 0}
    - target: {fileID: 6755266488971036109, guid: d0e009eaae501bb45944d89e273ad950,
        type: 3}
      propertyPath: m_LocalRotation.y
      value: 0
      objectReference: {fileID: 0}
    - target: {fileID: 6755266488971036109, guid: d0e009eaae501bb45944d89e273ad950,
        type: 3}
      propertyPath: m_LocalRotation.z
      value: 0
      objectReference: {fileID: 0}
    - target: {fileID: 6755266488971036109, guid: d0e009eaae501bb45944d89e273ad950,
        type: 3}
      propertyPath: m_LocalRotation.w
      value: 1
      objectReference: {fileID: 0}
    - target: {fileID: 6755266488971036109, guid: d0e009eaae501bb45944d89e273ad950,
        type: 3}
      propertyPath: m_RootOrder
      value: 6
      objectReference: {fileID: 0}
    - target: {fileID: 6755266488971036109, guid: d0e009eaae501bb45944d89e273ad950,
        type: 3}
      propertyPath: m_LocalEulerAnglesHint.x
      value: 0
      objectReference: {fileID: 0}
    - target: {fileID: 6755266488971036109, guid: d0e009eaae501bb45944d89e273ad950,
        type: 3}
      propertyPath: m_LocalEulerAnglesHint.y
      value: 0
      objectReference: {fileID: 0}
    - target: {fileID: 6755266488971036109, guid: d0e009eaae501bb45944d89e273ad950,
        type: 3}
      propertyPath: m_LocalEulerAnglesHint.z
      value: 0
      objectReference: {fileID: 0}
    m_RemovedComponents: []
  m_SourcePrefab: {fileID: 100100000, guid: d0e009eaae501bb45944d89e273ad950, type: 3}
--- !u!4 &7771942746654852950 stripped
Transform:
  m_CorrespondingSourceObject: {fileID: 6755266488971036109, guid: d0e009eaae501bb45944d89e273ad950,
    type: 3}
  m_PrefabInstance: {fileID: 3919534466006074011}
  m_PrefabAsset: {fileID: 0}
--- !u!1001 &4570072023283414813
PrefabInstance:
  m_ObjectHideFlags: 0
  serializedVersion: 2
  m_Modification:
    m_TransformParent: {fileID: 5020103041329301943}
    m_Modifications:
    - target: {fileID: 5918619582255517902, guid: d0e009eaae501bb45944d89e273ad950,
        type: 3}
      propertyPath: m_Name
      value: Cube (5)
      objectReference: {fileID: 0}
    - target: {fileID: 6755266488971036109, guid: d0e009eaae501bb45944d89e273ad950,
        type: 3}
      propertyPath: m_LocalPosition.x
      value: -0.5
      objectReference: {fileID: 0}
    - target: {fileID: 6755266488971036109, guid: d0e009eaae501bb45944d89e273ad950,
        type: 3}
      propertyPath: m_LocalPosition.y
      value: 1.75
      objectReference: {fileID: 0}
    - target: {fileID: 6755266488971036109, guid: d0e009eaae501bb45944d89e273ad950,
        type: 3}
      propertyPath: m_LocalPosition.z
      value: 0.5
      objectReference: {fileID: 0}
    - target: {fileID: 6755266488971036109, guid: d0e009eaae501bb45944d89e273ad950,
        type: 3}
      propertyPath: m_LocalRotation.x
      value: 0
      objectReference: {fileID: 0}
    - target: {fileID: 6755266488971036109, guid: d0e009eaae501bb45944d89e273ad950,
        type: 3}
      propertyPath: m_LocalRotation.y
      value: 0
      objectReference: {fileID: 0}
    - target: {fileID: 6755266488971036109, guid: d0e009eaae501bb45944d89e273ad950,
        type: 3}
      propertyPath: m_LocalRotation.z
      value: 0
      objectReference: {fileID: 0}
    - target: {fileID: 6755266488971036109, guid: d0e009eaae501bb45944d89e273ad950,
        type: 3}
      propertyPath: m_LocalRotation.w
      value: 1
      objectReference: {fileID: 0}
    - target: {fileID: 6755266488971036109, guid: d0e009eaae501bb45944d89e273ad950,
        type: 3}
      propertyPath: m_RootOrder
      value: 7
      objectReference: {fileID: 0}
    - target: {fileID: 6755266488971036109, guid: d0e009eaae501bb45944d89e273ad950,
        type: 3}
      propertyPath: m_LocalEulerAnglesHint.x
      value: 0
      objectReference: {fileID: 0}
    - target: {fileID: 6755266488971036109, guid: d0e009eaae501bb45944d89e273ad950,
        type: 3}
      propertyPath: m_LocalEulerAnglesHint.y
      value: 0
      objectReference: {fileID: 0}
    - target: {fileID: 6755266488971036109, guid: d0e009eaae501bb45944d89e273ad950,
        type: 3}
      propertyPath: m_LocalEulerAnglesHint.z
      value: 0
      objectReference: {fileID: 0}
    m_RemovedComponents: []
  m_SourcePrefab: {fileID: 100100000, guid: d0e009eaae501bb45944d89e273ad950, type: 3}
--- !u!4 &7121228254466945744 stripped
Transform:
  m_CorrespondingSourceObject: {fileID: 6755266488971036109, guid: d0e009eaae501bb45944d89e273ad950,
    type: 3}
  m_PrefabInstance: {fileID: 4570072023283414813}
  m_PrefabAsset: {fileID: 0}
--- !u!1001 &4612029402198158985
PrefabInstance:
  m_ObjectHideFlags: 0
  serializedVersion: 2
  m_Modification:
    m_TransformParent: {fileID: 5020103041329301943}
    m_Modifications:
    - target: {fileID: 5918619582255517902, guid: d0e009eaae501bb45944d89e273ad950,
        type: 3}
      propertyPath: m_Name
      value: Cube
      objectReference: {fileID: 0}
    - target: {fileID: 6755266488971036109, guid: d0e009eaae501bb45944d89e273ad950,
        type: 3}
      propertyPath: m_LocalPosition.x
      value: 0.5
      objectReference: {fileID: 0}
    - target: {fileID: 6755266488971036109, guid: d0e009eaae501bb45944d89e273ad950,
        type: 3}
      propertyPath: m_LocalPosition.y
      value: 0.75
      objectReference: {fileID: 0}
    - target: {fileID: 6755266488971036109, guid: d0e009eaae501bb45944d89e273ad950,
        type: 3}
      propertyPath: m_LocalPosition.z
      value: 0.5
      objectReference: {fileID: 0}
    - target: {fileID: 6755266488971036109, guid: d0e009eaae501bb45944d89e273ad950,
        type: 3}
      propertyPath: m_LocalRotation.x
      value: 0
      objectReference: {fileID: 0}
    - target: {fileID: 6755266488971036109, guid: d0e009eaae501bb45944d89e273ad950,
        type: 3}
      propertyPath: m_LocalRotation.y
      value: 0
      objectReference: {fileID: 0}
    - target: {fileID: 6755266488971036109, guid: d0e009eaae501bb45944d89e273ad950,
        type: 3}
      propertyPath: m_LocalRotation.z
      value: 0
      objectReference: {fileID: 0}
    - target: {fileID: 6755266488971036109, guid: d0e009eaae501bb45944d89e273ad950,
        type: 3}
      propertyPath: m_LocalRotation.w
      value: 1
      objectReference: {fileID: 0}
    - target: {fileID: 6755266488971036109, guid: d0e009eaae501bb45944d89e273ad950,
        type: 3}
      propertyPath: m_RootOrder
      value: 4
      objectReference: {fileID: 0}
    - target: {fileID: 6755266488971036109, guid: d0e009eaae501bb45944d89e273ad950,
        type: 3}
      propertyPath: m_LocalEulerAnglesHint.x
      value: 0
      objectReference: {fileID: 0}
    - target: {fileID: 6755266488971036109, guid: d0e009eaae501bb45944d89e273ad950,
        type: 3}
      propertyPath: m_LocalEulerAnglesHint.y
      value: 0
      objectReference: {fileID: 0}
    - target: {fileID: 6755266488971036109, guid: d0e009eaae501bb45944d89e273ad950,
        type: 3}
      propertyPath: m_LocalEulerAnglesHint.z
      value: 0
      objectReference: {fileID: 0}
    m_RemovedComponents: []
  m_SourcePrefab: {fileID: 100100000, guid: d0e009eaae501bb45944d89e273ad950, type: 3}
--- !u!4 &2143360869928905540 stripped
Transform:
  m_CorrespondingSourceObject: {fileID: 6755266488971036109, guid: d0e009eaae501bb45944d89e273ad950,
    type: 3}
  m_PrefabInstance: {fileID: 4612029402198158985}
  m_PrefabAsset: {fileID: 0}
--- !u!1001 &4651306178766903247
PrefabInstance:
  m_ObjectHideFlags: 0
  serializedVersion: 2
  m_Modification:
    m_TransformParent: {fileID: 5020103041329301943}
    m_Modifications:
    - target: {fileID: 5918619582255517902, guid: d0e009eaae501bb45944d89e273ad950,
        type: 3}
      propertyPath: m_Name
      value: Cube (1)
      objectReference: {fileID: 0}
    - target: {fileID: 6755266488971036109, guid: d0e009eaae501bb45944d89e273ad950,
        type: 3}
      propertyPath: m_LocalPosition.x
      value: 0.5
      objectReference: {fileID: 0}
    - target: {fileID: 6755266488971036109, guid: d0e009eaae501bb45944d89e273ad950,
        type: 3}
      propertyPath: m_LocalPosition.y
      value: 1.75
      objectReference: {fileID: 0}
    - target: {fileID: 6755266488971036109, guid: d0e009eaae501bb45944d89e273ad950,
        type: 3}
      propertyPath: m_LocalPosition.z
      value: 0.5
      objectReference: {fileID: 0}
    - target: {fileID: 6755266488971036109, guid: d0e009eaae501bb45944d89e273ad950,
        type: 3}
      propertyPath: m_LocalRotation.x
      value: 0
      objectReference: {fileID: 0}
    - target: {fileID: 6755266488971036109, guid: d0e009eaae501bb45944d89e273ad950,
        type: 3}
      propertyPath: m_LocalRotation.y
      value: 0
      objectReference: {fileID: 0}
    - target: {fileID: 6755266488971036109, guid: d0e009eaae501bb45944d89e273ad950,
        type: 3}
      propertyPath: m_LocalRotation.z
      value: 0
      objectReference: {fileID: 0}
    - target: {fileID: 6755266488971036109, guid: d0e009eaae501bb45944d89e273ad950,
        type: 3}
      propertyPath: m_LocalRotation.w
      value: 1
      objectReference: {fileID: 0}
    - target: {fileID: 6755266488971036109, guid: d0e009eaae501bb45944d89e273ad950,
        type: 3}
      propertyPath: m_RootOrder
      value: 5
      objectReference: {fileID: 0}
    - target: {fileID: 6755266488971036109, guid: d0e009eaae501bb45944d89e273ad950,
        type: 3}
      propertyPath: m_LocalEulerAnglesHint.x
      value: 0
      objectReference: {fileID: 0}
    - target: {fileID: 6755266488971036109, guid: d0e009eaae501bb45944d89e273ad950,
        type: 3}
      propertyPath: m_LocalEulerAnglesHint.y
      value: 0
      objectReference: {fileID: 0}
    - target: {fileID: 6755266488971036109, guid: d0e009eaae501bb45944d89e273ad950,
        type: 3}
      propertyPath: m_LocalEulerAnglesHint.z
      value: 0
      objectReference: {fileID: 0}
    m_RemovedComponents: []
  m_SourcePrefab: {fileID: 100100000, guid: d0e009eaae501bb45944d89e273ad950, type: 3}
--- !u!4 &2104101625391157762 stripped
Transform:
  m_CorrespondingSourceObject: {fileID: 6755266488971036109, guid: d0e009eaae501bb45944d89e273ad950,
    type: 3}
  m_PrefabInstance: {fileID: 4651306178766903247}
  m_PrefabAsset: {fileID: 0}
--- !u!1001 &4689412566839063857
PrefabInstance:
  m_ObjectHideFlags: 0
  serializedVersion: 2
  m_Modification:
    m_TransformParent: {fileID: 5020103041329301943}
    m_Modifications:
    - target: {fileID: 5918619582255517902, guid: d0e009eaae501bb45944d89e273ad950,
        type: 3}
      propertyPath: m_Name
      value: Cube (13)
      objectReference: {fileID: 0}
    - target: {fileID: 6755266488971036109, guid: d0e009eaae501bb45944d89e273ad950,
        type: 3}
      propertyPath: m_LocalPosition.x
      value: 0.5
      objectReference: {fileID: 0}
    - target: {fileID: 6755266488971036109, guid: d0e009eaae501bb45944d89e273ad950,
        type: 3}
      propertyPath: m_LocalPosition.y
      value: 1.75
      objectReference: {fileID: 0}
    - target: {fileID: 6755266488971036109, guid: d0e009eaae501bb45944d89e273ad950,
        type: 3}
      propertyPath: m_LocalPosition.z
      value: -0.5
      objectReference: {fileID: 0}
    - target: {fileID: 6755266488971036109, guid: d0e009eaae501bb45944d89e273ad950,
        type: 3}
      propertyPath: m_LocalRotation.x
      value: 0
      objectReference: {fileID: 0}
    - target: {fileID: 6755266488971036109, guid: d0e009eaae501bb45944d89e273ad950,
        type: 3}
      propertyPath: m_LocalRotation.y
      value: 0
      objectReference: {fileID: 0}
    - target: {fileID: 6755266488971036109, guid: d0e009eaae501bb45944d89e273ad950,
        type: 3}
      propertyPath: m_LocalRotation.z
      value: 0
      objectReference: {fileID: 0}
    - target: {fileID: 6755266488971036109, guid: d0e009eaae501bb45944d89e273ad950,
        type: 3}
      propertyPath: m_LocalRotation.w
      value: 1
      objectReference: {fileID: 0}
    - target: {fileID: 6755266488971036109, guid: d0e009eaae501bb45944d89e273ad950,
        type: 3}
      propertyPath: m_RootOrder
      value: 11
      objectReference: {fileID: 0}
    - target: {fileID: 6755266488971036109, guid: d0e009eaae501bb45944d89e273ad950,
        type: 3}
      propertyPath: m_LocalEulerAnglesHint.x
      value: 0
      objectReference: {fileID: 0}
    - target: {fileID: 6755266488971036109, guid: d0e009eaae501bb45944d89e273ad950,
        type: 3}
      propertyPath: m_LocalEulerAnglesHint.y
      value: 0
      objectReference: {fileID: 0}
    - target: {fileID: 6755266488971036109, guid: d0e009eaae501bb45944d89e273ad950,
        type: 3}
      propertyPath: m_LocalEulerAnglesHint.z
      value: 0
      objectReference: {fileID: 0}
    m_RemovedComponents: []
  m_SourcePrefab: {fileID: 100100000, guid: d0e009eaae501bb45944d89e273ad950, type: 3}
--- !u!4 &2065926234399437052 stripped
Transform:
  m_CorrespondingSourceObject: {fileID: 6755266488971036109, guid: d0e009eaae501bb45944d89e273ad950,
    type: 3}
  m_PrefabInstance: {fileID: 4689412566839063857}
  m_PrefabAsset: {fileID: 0}
--- !u!1001 &5211050351778768778
PrefabInstance:
  m_ObjectHideFlags: 0
  serializedVersion: 2
  m_Modification:
    m_TransformParent: {fileID: 5020103041329301943}
    m_Modifications:
    - target: {fileID: 3017344462192025460, guid: f0660fb32ba36c344b8763af6c75fd7e,
        type: 3}
      propertyPath: m_Name
      value: Shelf
      objectReference: {fileID: 0}
    - target: {fileID: 7033734364728304314, guid: f0660fb32ba36c344b8763af6c75fd7e,
        type: 3}
      propertyPath: m_LocalPosition.x
      value: 1
      objectReference: {fileID: 0}
    - target: {fileID: 7033734364728304314, guid: f0660fb32ba36c344b8763af6c75fd7e,
        type: 3}
      propertyPath: m_LocalPosition.y
      value: 0
      objectReference: {fileID: 0}
    - target: {fileID: 7033734364728304314, guid: f0660fb32ba36c344b8763af6c75fd7e,
        type: 3}
      propertyPath: m_LocalPosition.z
      value: 1
      objectReference: {fileID: 0}
    - target: {fileID: 7033734364728304314, guid: f0660fb32ba36c344b8763af6c75fd7e,
        type: 3}
      propertyPath: m_LocalRotation.x
      value: -0
      objectReference: {fileID: 0}
    - target: {fileID: 7033734364728304314, guid: f0660fb32ba36c344b8763af6c75fd7e,
        type: 3}
      propertyPath: m_LocalRotation.y
      value: -0
      objectReference: {fileID: 0}
    - target: {fileID: 7033734364728304314, guid: f0660fb32ba36c344b8763af6c75fd7e,
        type: 3}
      propertyPath: m_LocalRotation.z
      value: -0
      objectReference: {fileID: 0}
    - target: {fileID: 7033734364728304314, guid: f0660fb32ba36c344b8763af6c75fd7e,
        type: 3}
      propertyPath: m_LocalRotation.w
      value: 1
      objectReference: {fileID: 0}
    - target: {fileID: 7033734364728304314, guid: f0660fb32ba36c344b8763af6c75fd7e,
        type: 3}
      propertyPath: m_RootOrder
      value: 0
      objectReference: {fileID: 0}
    - target: {fileID: 7033734364728304314, guid: f0660fb32ba36c344b8763af6c75fd7e,
        type: 3}
      propertyPath: m_LocalEulerAnglesHint.x
      value: 0
      objectReference: {fileID: 0}
    - target: {fileID: 7033734364728304314, guid: f0660fb32ba36c344b8763af6c75fd7e,
        type: 3}
      propertyPath: m_LocalEulerAnglesHint.y
      value: 0
      objectReference: {fileID: 0}
    - target: {fileID: 7033734364728304314, guid: f0660fb32ba36c344b8763af6c75fd7e,
        type: 3}
      propertyPath: m_LocalEulerAnglesHint.z
      value: 0
      objectReference: {fileID: 0}
    m_RemovedComponents: []
  m_SourcePrefab: {fileID: 100100000, guid: f0660fb32ba36c344b8763af6c75fd7e, type: 3}
--- !u!4 &3012211665566696752 stripped
Transform:
  m_CorrespondingSourceObject: {fileID: 7033734364728304314, guid: f0660fb32ba36c344b8763af6c75fd7e,
    type: 3}
  m_PrefabInstance: {fileID: 5211050351778768778}
  m_PrefabAsset: {fileID: 0}
--- !u!1001 &5400953185421118819
PrefabInstance:
  m_ObjectHideFlags: 0
  serializedVersion: 2
  m_Modification:
    m_TransformParent: {fileID: 5020103041329301943}
    m_Modifications:
    - target: {fileID: 3017344462192025460, guid: f0660fb32ba36c344b8763af6c75fd7e,
        type: 3}
      propertyPath: m_Name
      value: Shelf (3)
      objectReference: {fileID: 0}
    - target: {fileID: 7033734364728304314, guid: f0660fb32ba36c344b8763af6c75fd7e,
        type: 3}
      propertyPath: m_LocalPosition.x
      value: 1
      objectReference: {fileID: 0}
    - target: {fileID: 7033734364728304314, guid: f0660fb32ba36c344b8763af6c75fd7e,
        type: 3}
      propertyPath: m_LocalPosition.y
      value: 0
      objectReference: {fileID: 0}
    - target: {fileID: 7033734364728304314, guid: f0660fb32ba36c344b8763af6c75fd7e,
        type: 3}
      propertyPath: m_LocalPosition.z
      value: -1
      objectReference: {fileID: 0}
    - target: {fileID: 7033734364728304314, guid: f0660fb32ba36c344b8763af6c75fd7e,
        type: 3}
      propertyPath: m_LocalRotation.x
      value: -0
      objectReference: {fileID: 0}
    - target: {fileID: 7033734364728304314, guid: f0660fb32ba36c344b8763af6c75fd7e,
        type: 3}
      propertyPath: m_LocalRotation.y
      value: -0
      objectReference: {fileID: 0}
    - target: {fileID: 7033734364728304314, guid: f0660fb32ba36c344b8763af6c75fd7e,
        type: 3}
      propertyPath: m_LocalRotation.z
      value: -0
      objectReference: {fileID: 0}
    - target: {fileID: 7033734364728304314, guid: f0660fb32ba36c344b8763af6c75fd7e,
        type: 3}
      propertyPath: m_LocalRotation.w
      value: 1
      objectReference: {fileID: 0}
    - target: {fileID: 7033734364728304314, guid: f0660fb32ba36c344b8763af6c75fd7e,
        type: 3}
      propertyPath: m_RootOrder
      value: 3
      objectReference: {fileID: 0}
    - target: {fileID: 7033734364728304314, guid: f0660fb32ba36c344b8763af6c75fd7e,
        type: 3}
      propertyPath: m_LocalEulerAnglesHint.x
      value: 0
      objectReference: {fileID: 0}
    - target: {fileID: 7033734364728304314, guid: f0660fb32ba36c344b8763af6c75fd7e,
        type: 3}
      propertyPath: m_LocalEulerAnglesHint.y
      value: 0
      objectReference: {fileID: 0}
    - target: {fileID: 7033734364728304314, guid: f0660fb32ba36c344b8763af6c75fd7e,
        type: 3}
      propertyPath: m_LocalEulerAnglesHint.z
      value: 0
      objectReference: {fileID: 0}
    m_RemovedComponents: []
  m_SourcePrefab: {fileID: 100100000, guid: f0660fb32ba36c344b8763af6c75fd7e, type: 3}
--- !u!4 &3127981310822117337 stripped
Transform:
  m_CorrespondingSourceObject: {fileID: 7033734364728304314, guid: f0660fb32ba36c344b8763af6c75fd7e,
    type: 3}
  m_PrefabInstance: {fileID: 5400953185421118819}
  m_PrefabAsset: {fileID: 0}
--- !u!1001 &5544523455764262926
PrefabInstance:
  m_ObjectHideFlags: 0
  serializedVersion: 2
  m_Modification:
    m_TransformParent: {fileID: 5020103041329301943}
    m_Modifications:
    - target: {fileID: 5918619582255517902, guid: d0e009eaae501bb45944d89e273ad950,
        type: 3}
      propertyPath: m_Name
      value: Cube (12)
      objectReference: {fileID: 0}
    - target: {fileID: 6755266488971036109, guid: d0e009eaae501bb45944d89e273ad950,
        type: 3}
      propertyPath: m_LocalPosition.x
      value: 0.5
      objectReference: {fileID: 0}
    - target: {fileID: 6755266488971036109, guid: d0e009eaae501bb45944d89e273ad950,
        type: 3}
      propertyPath: m_LocalPosition.y
      value: 0.75
      objectReference: {fileID: 0}
    - target: {fileID: 6755266488971036109, guid: d0e009eaae501bb45944d89e273ad950,
        type: 3}
      propertyPath: m_LocalPosition.z
      value: -0.5
      objectReference: {fileID: 0}
    - target: {fileID: 6755266488971036109, guid: d0e009eaae501bb45944d89e273ad950,
        type: 3}
      propertyPath: m_LocalRotation.x
      value: 0
      objectReference: {fileID: 0}
    - target: {fileID: 6755266488971036109, guid: d0e009eaae501bb45944d89e273ad950,
        type: 3}
      propertyPath: m_LocalRotation.y
      value: 0
      objectReference: {fileID: 0}
    - target: {fileID: 6755266488971036109, guid: d0e009eaae501bb45944d89e273ad950,
        type: 3}
      propertyPath: m_LocalRotation.z
      value: 0
      objectReference: {fileID: 0}
    - target: {fileID: 6755266488971036109, guid: d0e009eaae501bb45944d89e273ad950,
        type: 3}
      propertyPath: m_LocalRotation.w
      value: 1
      objectReference: {fileID: 0}
    - target: {fileID: 6755266488971036109, guid: d0e009eaae501bb45944d89e273ad950,
        type: 3}
      propertyPath: m_RootOrder
      value: 10
      objectReference: {fileID: 0}
    - target: {fileID: 6755266488971036109, guid: d0e009eaae501bb45944d89e273ad950,
        type: 3}
      propertyPath: m_LocalEulerAnglesHint.x
      value: 0
      objectReference: {fileID: 0}
    - target: {fileID: 6755266488971036109, guid: d0e009eaae501bb45944d89e273ad950,
        type: 3}
      propertyPath: m_LocalEulerAnglesHint.y
      value: 0
      objectReference: {fileID: 0}
    - target: {fileID: 6755266488971036109, guid: d0e009eaae501bb45944d89e273ad950,
        type: 3}
      propertyPath: m_LocalEulerAnglesHint.z
      value: 0
      objectReference: {fileID: 0}
    m_RemovedComponents: []
  m_SourcePrefab: {fileID: 100100000, guid: d0e009eaae501bb45944d89e273ad950, type: 3}
--- !u!4 &1246825983908935107 stripped
Transform:
  m_CorrespondingSourceObject: {fileID: 6755266488971036109, guid: d0e009eaae501bb45944d89e273ad950,
    type: 3}
  m_PrefabInstance: {fileID: 5544523455764262926}
  m_PrefabAsset: {fileID: 0}
--- !u!1001 &5976800869538900845
PrefabInstance:
  m_ObjectHideFlags: 0
  serializedVersion: 2
  m_Modification:
    m_TransformParent: {fileID: 5020103041329301943}
    m_Modifications:
    - target: {fileID: 5918619582255517902, guid: d0e009eaae501bb45944d89e273ad950,
        type: 3}
      propertyPath: m_Name
      value: Cube (8)
      objectReference: {fileID: 0}
    - target: {fileID: 6755266488971036109, guid: d0e009eaae501bb45944d89e273ad950,
        type: 3}
      propertyPath: m_LocalPosition.x
      value: -0.5
      objectReference: {fileID: 0}
    - target: {fileID: 6755266488971036109, guid: d0e009eaae501bb45944d89e273ad950,
        type: 3}
      propertyPath: m_LocalPosition.y
      value: 0.75
      objectReference: {fileID: 0}
    - target: {fileID: 6755266488971036109, guid: d0e009eaae501bb45944d89e273ad950,
        type: 3}
      propertyPath: m_LocalPosition.z
      value: -0.5
      objectReference: {fileID: 0}
    - target: {fileID: 6755266488971036109, guid: d0e009eaae501bb45944d89e273ad950,
        type: 3}
      propertyPath: m_LocalRotation.x
      value: 0
      objectReference: {fileID: 0}
    - target: {fileID: 6755266488971036109, guid: d0e009eaae501bb45944d89e273ad950,
        type: 3}
      propertyPath: m_LocalRotation.y
      value: 0
      objectReference: {fileID: 0}
    - target: {fileID: 6755266488971036109, guid: d0e009eaae501bb45944d89e273ad950,
        type: 3}
      propertyPath: m_LocalRotation.z
      value: 0
      objectReference: {fileID: 0}
    - target: {fileID: 6755266488971036109, guid: d0e009eaae501bb45944d89e273ad950,
        type: 3}
      propertyPath: m_LocalRotation.w
      value: 1
      objectReference: {fileID: 0}
    - target: {fileID: 6755266488971036109, guid: d0e009eaae501bb45944d89e273ad950,
        type: 3}
      propertyPath: m_RootOrder
      value: 8
      objectReference: {fileID: 0}
    - target: {fileID: 6755266488971036109, guid: d0e009eaae501bb45944d89e273ad950,
        type: 3}
      propertyPath: m_LocalEulerAnglesHint.x
      value: 0
      objectReference: {fileID: 0}
    - target: {fileID: 6755266488971036109, guid: d0e009eaae501bb45944d89e273ad950,
        type: 3}
      propertyPath: m_LocalEulerAnglesHint.y
      value: 0
      objectReference: {fileID: 0}
    - target: {fileID: 6755266488971036109, guid: d0e009eaae501bb45944d89e273ad950,
        type: 3}
      propertyPath: m_LocalEulerAnglesHint.z
      value: 0
      objectReference: {fileID: 0}
    m_RemovedComponents: []
  m_SourcePrefab: {fileID: 100100000, guid: d0e009eaae501bb45944d89e273ad950, type: 3}
--- !u!4 &1102919761033211552 stripped
Transform:
  m_CorrespondingSourceObject: {fileID: 6755266488971036109, guid: d0e009eaae501bb45944d89e273ad950,
    type: 3}
  m_PrefabInstance: {fileID: 5976800869538900845}
  m_PrefabAsset: {fileID: 0}
--- !u!1001 &8226965831628489300
PrefabInstance:
  m_ObjectHideFlags: 0
  serializedVersion: 2
  m_Modification:
    m_TransformParent: {fileID: 5020103041329301943}
    m_Modifications:
    - target: {fileID: 5918619582255517902, guid: d0e009eaae501bb45944d89e273ad950,
        type: 3}
      propertyPath: m_Name
      value: Cube (9)
      objectReference: {fileID: 0}
    - target: {fileID: 6755266488971036109, guid: d0e009eaae501bb45944d89e273ad950,
        type: 3}
      propertyPath: m_LocalPosition.x
      value: -0.5
      objectReference: {fileID: 0}
    - target: {fileID: 6755266488971036109, guid: d0e009eaae501bb45944d89e273ad950,
        type: 3}
      propertyPath: m_LocalPosition.y
      value: 1.75
      objectReference: {fileID: 0}
    - target: {fileID: 6755266488971036109, guid: d0e009eaae501bb45944d89e273ad950,
        type: 3}
      propertyPath: m_LocalPosition.z
      value: -0.5
      objectReference: {fileID: 0}
    - target: {fileID: 6755266488971036109, guid: d0e009eaae501bb45944d89e273ad950,
        type: 3}
      propertyPath: m_LocalRotation.x
      value: 0
      objectReference: {fileID: 0}
    - target: {fileID: 6755266488971036109, guid: d0e009eaae501bb45944d89e273ad950,
        type: 3}
      propertyPath: m_LocalRotation.y
      value: 0
      objectReference: {fileID: 0}
    - target: {fileID: 6755266488971036109, guid: d0e009eaae501bb45944d89e273ad950,
        type: 3}
      propertyPath: m_LocalRotation.z
      value: 0
      objectReference: {fileID: 0}
    - target: {fileID: 6755266488971036109, guid: d0e009eaae501bb45944d89e273ad950,
        type: 3}
      propertyPath: m_LocalRotation.w
      value: 1
      objectReference: {fileID: 0}
    - target: {fileID: 6755266488971036109, guid: d0e009eaae501bb45944d89e273ad950,
        type: 3}
      propertyPath: m_RootOrder
      value: 9
      objectReference: {fileID: 0}
    - target: {fileID: 6755266488971036109, guid: d0e009eaae501bb45944d89e273ad950,
        type: 3}
      propertyPath: m_LocalEulerAnglesHint.x
      value: 0
      objectReference: {fileID: 0}
    - target: {fileID: 6755266488971036109, guid: d0e009eaae501bb45944d89e273ad950,
        type: 3}
      propertyPath: m_LocalEulerAnglesHint.y
      value: 0
      objectReference: {fileID: 0}
    - target: {fileID: 6755266488971036109, guid: d0e009eaae501bb45944d89e273ad950,
        type: 3}
      propertyPath: m_LocalEulerAnglesHint.z
      value: 0
      objectReference: {fileID: 0}
    m_RemovedComponents: []
  m_SourcePrefab: {fileID: 100100000, guid: d0e009eaae501bb45944d89e273ad950, type: 3}
--- !u!4 &3428236304155281305 stripped
Transform:
  m_CorrespondingSourceObject: {fileID: 6755266488971036109, guid: d0e009eaae501bb45944d89e273ad950,
    type: 3}
  m_PrefabInstance: {fileID: 8226965831628489300}
  m_PrefabAsset: {fileID: 0}
